@online{Union-Find,
    author = "Kevin Wayne",
    title = "Union-Find",
    url = "https://www.cs.princeton.edu/courses/archive/spring13/cos423/lectures/UnionFind.pdf",
}

@online{Eller,
    author = "Jamis Buck",
    title = "Maze Generation: Eller's Algorithm",
    url = "https://weblog.jamisbuck.org/2010/12/29/maze-generation-eller-s-algorithm",
}

@online{PostgreSQL,
    title = "PostgreSQL",
    url = "https://www.postgresql.org",
}

@online{JWT,
    title = "JWT",
    url = "https://jwt.io",
}

@online{Redis,
    title = "Redis",
    url = "https://redis.io",
}

@book{dirac,
    title = {The Principles of Quantum Mechanics},
    author = {Paul Adrien Maurice Dirac},
    isbn = {9780198520115},
    series = {International series of monographs on physics},
    year = {1981},
    publisher = {Clarendon Press},
    keywords = {physics}
}
 
@online{knuthwebsite,
    author = {Donald Knuth},
    title = {Knuth: Computers and Typesetting},
    url  = {http://www-cs-faculty.stanford.edu/~uno/abcde.html},
    addendum = {(accessed: 01.09.2016)},
    keywords = {latex,knuth}
}
 
@inbook{knuth-fa,
    author = "Donald E. Knuth",
    title = "Fundamental Algorithms",
    publisher = "Addison-Wesley",
    year = "1973",
    chapter = "1.2",
    keywords  = "knuth,programming"
}